<record><leader>00000cas a22000007a 4500</leader><controlfield tag="001">9824762</controlfield><controlfield tag="008">830819d18851919ksudr ne      0    0eng d</controlfield><controlfield tag="009">3789</controlfield><datafield ind1=" " ind2=" " tag="010"><subfield code="a">sn 83040475 </subfield></datafield><datafield ind1=" " ind2=" " tag="040"><subfield code="a">KSH</subfield><subfield code="b">eng</subfield><subfield code="c">KSH</subfield><subfield code="d">NPT</subfield><subfield code="d">NSD</subfield></datafield><datafield ind1="1" ind2=" " tag="029"><subfield code="a">AU@</subfield><subfield code="b">000025797621</subfield></datafield><datafield ind1=" " ind2=" " tag="042"><subfield code="a">msc</subfield></datafield><datafield ind1=" " ind2=" " tag="043"><subfield code="a">n-us-ks</subfield></datafield><datafield ind1="0" ind2=" " tag="130"><subfield code="a">El Dorado republican (El Dorado, Kan. : 1885)</subfield></datafield><datafield ind1="0" ind2="0" tag="245"><subfield code="a">El Dorado republican.</subfield></datafield><datafield ind1=" " ind2=" " tag="260"><subfield code="a">El Dorado, Kan. :</subfield><subfield code="b">T.B. Murdock,</subfield><subfield code="c">1885-1919.</subfield></datafield><datafield ind1=" " ind2=" " tag="300"><subfield code="a">27 v. :</subfield><subfield code="b">ill. (chiefly advertisements) ;</subfield><subfield code="c">51 cm.</subfield></datafield><datafield ind1=" " ind2=" " tag="310"><subfield code="a">Daily (except Sunday)</subfield></datafield><datafield ind1="0" ind2=" " tag="362"><subfield code="a">Vol. 1, no. 1 (May 5, 1885)-v. 27, no. 239 (Nov. 29, 1919).</subfield></datafield><datafield ind1=" " ind2=" " tag="515"><subfield code="a">Suspended May 22-Dec. 20, 1885; Jan. 4, 1888-Apr. 3, 1895.</subfield></datafield><datafield ind1=" " ind2=" " tag="530"><subfield code="a">Available on microfilm from Micro Photo.</subfield></datafield><datafield ind1=" " ind2=" " tag="500"><subfield code="a">Editor: T.B. Murdock.</subfield></datafield><datafield ind1="1" ind2=" " tag="700"><subfield code="a">Murdock, T. B.</subfield><subfield code="q">(Thomas Benton)</subfield></datafield><datafield ind1=" " ind2=" " tag="752"><subfield code="a">United States</subfield><subfield code="b">Kansas</subfield><subfield code="c">Butler</subfield><subfield code="d">El Dorado.</subfield></datafield><datafield ind1="0" ind2="7" tag="785"><subfield code="t">Walnut Valley times (El Dorado, Kan. : 1902)</subfield><subfield code="w">(DLC)sn 83040474</subfield></datafield><datafield ind1="0" ind2="7" tag="785"><subfield code="t">El Dorado times</subfield><subfield code="x">1053-9999</subfield><subfield code="w">(DLC)sn 83040494</subfield></datafield></record>